<?xml version="1.0" encoding="UTF-8"?><collection xmlns="http://www.loc.gov/MARC21/slim"><record><leader>00433nam--2200133-i-4500</leader><controlfield tag="001">000031793</controlfield><controlfield tag="002">20161230</controlfield><controlfield tag="005">20161230201038</controlfield><controlfield tag="008">060222s1000------------r-----000-0-eng-d</controlfield><datafield ind1=" " ind2=" " tag="080"><subfield code="a">791.4:681.84.081</subfield></datafield><datafield ind1=" " ind2=" " tag="100"><subfield code="a">Matveenco, A.S</subfield></datafield><datafield ind1=" " ind2=" " tag="245"><subfield code="a">Repararea aparatajului cinematografic pt.reproducerea sunetului. rezistente condensatoare si piese de infasurari. trad.din l.rusa</subfield></datafield><datafield ind1=" " ind2=" " tag="260"><subfield code="a">Bucuresti, Ed.Energetica, 1954, 144p</subfield></datafield><datafield ind1=" " ind2=" " tag="852"><subfield code="a">3289</subfield></datafield></record></collection>